@article{Sandifer,
  author  = {Sandifer, Ed},
  title   = {How {Euler} Did It},
  journal = {MAA Online},
  year    = {2009},
  url     = {http://eulerarchive.maa.org/hedi/HEDI-2009-02.pdf},
  note    = {Available at \url{http://eulerarchive.maa.org/hedi/HEDI-2009-02.pdf}},
  number  = {February 2009},
}

@article{BBP,
  title={On the rapid computation of various polylogarithmic constants},
  volume={66},
  ISSN={0025-5718, 1088-6842},
  url={https://www.ams.org/mcom/1997-66-218/S0025-5718-97-00856-9/},
  DOI={10.1090/S0025-5718-97-00856-9},
  number={218},
  journal={Mathematics of Computation},
  author={Bailey, David and Borwein, Peter and Plouffe, Simon},
  year={1997},
  pages={903–913},
  language={en}
}

@Inbook{Arndt2001,
author="Arndt, J{\"o}rg and Haenel, Christoph",
title="$\pi$ Formula Collection",
bookTitle="Pi --- Unleashed",
year="2001",
publisher="Springer Berlin Heidelberg",
address="Berlin, Heidelberg",
pages="223--238",
isbn="978-3-642-56735-3",
doi="10.1007/978-3-642-56735-3_16",
url="https://doi.org/10.1007/978-3-642-56735-3_16"
}

@misc{E706en,
  doi = {10.48550/ARXIV.MATH/0508170},
  url = {https://arxiv.org/abs/math/0508170},
  author = {Euler, Leonhard and Bell, Jordan},
  keywords = {History and Overview (math.HO), Classical Analysis and ODEs (math.CA), FOS: Mathematics, FOS: Mathematics, 01A50; 40A05},
  title = {On a new type of rational and highly convergent series, by which the ratio of the circumference to the diameter is able to be expressed},
  year = {2005},
}

@misc{E706latin,
  author = {Euler, Leonhard},
  year = {1798},
  title = {De novo genere serierum rationalium et valde convergentium quibus ratio peripheriae ad diametrum exprimi potest},
  journal = {
 Nova acta academiae scientiarum Petropolitanae 11 (1793), 1798, pp. 150-154, 169.
 Reprinted in Opera omnia, Series I vol . 16, pp. 21-27. Also available online at \url{EulerArchive.org}.
 },
}

@article{Adamchik_Wagon_1997,
title={A Simple Formula for $\pi$},
volume={104},
ISSN={0002-9890, 1930-0972},
url={https://www.tandfonline.com/doi/full/10.1080/00029890.1997.11990729},
DOI={10.1080/00029890.1997.11990729},
number={9},
journal={The American Mathematical Monthly},
author={Adamchik, Victor and Wagon, Stan},
year={1997},
month={Nov},
pages={852–855},
language={en},
}

@book{Knuth_1995,
address={Reading, Mass},
edition={2. ed., 24. [print.]-1995},
title={The art of computer programming. 2: Seminumerical algorithms},
ISBN={9780201038224},
publisher={Addison-Wesley},
author={Knuth, Donald Ervin},
year={1995},
language={eng},
}

@online{Github,
  author = {AUTHOR GOES HERE},
  title = {Programs to calculate $\pi$ using {BBP-type} formulae.},
  year = 2022,
  url = {https://github.com/FIXME/FIXME},
  note = {Available at \url{https://github.com/FIXME/FIXME}},
  urldate = {2022-10-20},
}

